<?xml version="1.0" encoding="UTF-8"?>
<record xmlns="http://www.loc.gov/MARC21/slim" xmlns:xsi="http://www.w3.org/2001/XMLSchema-instance" xsi:schemaLocation="http://www.loc.gov/MARC21/slim http://www.loc.gov/standards/marcxml/schema/MARC21slim.xsd">
<leader>00000cam a22      a 4500</leader>
<controlfield tag="001">001684153</controlfield>
<controlfield tag="003">NNU</controlfield>
<controlfield tag="005">20150709163922.0</controlfield>
<controlfield tag="008">860606s1964    iq            000 0 ara</controlfield>
<datafield tag="010" ind1=" " ind2=" ">
<subfield code="a">ne 65002602</subfield>
</datafield>
<datafield tag="025" ind1=" " ind2=" ">
<subfield code="a">PL480:UAR-6489</subfield>
</datafield>
<datafield tag="035" ind1=" " ind2=" ">
<subfield code="a">(OCoLC)13698211</subfield>
</datafield>
<datafield tag="040" ind1=" " ind2=" ">
<subfield code="a">DLC</subfield>
<subfield code="b">eng</subfield>
<subfield code="c">OSU</subfield>
<subfield code="d">DLC</subfield>
<subfield code="d">AUD</subfield>
<subfield code="d">OCLCF</subfield>
<subfield code="d">OCLCQ</subfield>
<subfield code="d">OCLCO</subfield>
<subfield code="d">NNU</subfield>
</datafield>
<datafield tag="042" ind1=" " ind2=" ">
<subfield code="a">premarc</subfield>
</datafield>
<datafield tag="050" ind1="0" ind2="0">
<subfield code="a">BP88.T8</subfield>
<subfield code="b">A6 1964</subfield>
</datafield>
<datafield tag="100" ind1="1" ind2=" ">
<subfield code="6">880-01</subfield>
<subfield code="a">Ṭūsī, Muḥammad ibn al-Ḥasan,</subfield>
<subfield code="d">995-1067?</subfield>
</datafield>
<datafield tag="240" ind1="1" ind2="0">
<subfield code="6">880-02</subfield>
<subfield code="a">Amālī</subfield>
</datafield>
<datafield tag="245" ind1="1" ind2="0">
<subfield code="6">880-03</subfield>
<subfield code="a">Amālī al-Shaykh al-Ṭūsī /</subfield>
<subfield code="c">taʼlīf Abī Jaʻfar Muḥammad ibn al-Ḥasan al-Ṭūsī ; qaddama lahu Muḥammad Ṣādiq Baḥr al-ʻUlūm.</subfield>
</datafield>
<datafield tag="260" ind1=" " ind2=" ">
<subfield code="6">880-04</subfield>
<subfield code="a">Baghdād :</subfield>
<subfield code="b">al-Maktabah al-Ahlīyah,</subfield>
<subfield code="c">1964.</subfield>
</datafield>
<datafield tag="300" ind1=" " ind2=" ">
<subfield code="a">2 volumes in 1 ;</subfield>
<subfield code="c">24 cm</subfield>
</datafield>
<datafield tag="336" ind1=" " ind2=" ">
<subfield code="a">text</subfield>
<subfield code="b">txt</subfield>
<subfield code="2">rdacontent</subfield>
</datafield>
<datafield tag="337" ind1=" " ind2=" ">
<subfield code="a">unmediated</subfield>
<subfield code="b">n</subfield>
<subfield code="2">rdamedia</subfield>
</datafield>
<datafield tag="338" ind1=" " ind2=" ">
<subfield code="a">volume</subfield>
<subfield code="b">nc</subfield>
<subfield code="2">rdacarrier</subfield>
</datafield>
<datafield tag="650" ind1=" " ind2="0">
<subfield code="a">Islam.</subfield>
</datafield>
<datafield tag="650" ind1=" " ind2="7">
<subfield code="a">Islam.</subfield>
<subfield code="2">fast</subfield>
<subfield code="0">(OCoLC)fst00979776</subfield>
</datafield>
<datafield tag="700" ind1="1" ind2=" ">
<subfield code="6">880-05</subfield>
<subfield code="a">Baḥr al-ʻUlūm, Muḥammad Ṣādiq.</subfield>
</datafield>
<datafield tag="776" ind1="0" ind2="8">
<subfield code="i">Online version:</subfield>
<subfield code="a">Ṭūsī, Muḥammad ibn al-Ḥasan, 995-1067?</subfield>
<subfield code="s">Amālī. 1964.</subfield>
<subfield code="t">Amālī al-Shaykh al-Ṭūsī.</subfield>
<subfield code="d">Baghdād : al-Maktabah al-Ahlīyah, 1964</subfield>
<subfield code="w">(OCoLC)588824933</subfield>
</datafield>
<datafield tag="776" ind1="0" ind2="8">
<subfield code="i">Online version:</subfield>
<subfield code="a">Ṭūsī, Muḥammad ibn al-Ḥasan, 995-1067?</subfield>
<subfield code="s">Amālī. 1964.</subfield>
<subfield code="t">Amālī al-Shaykh al-Ṭūsī.</subfield>
<subfield code="d">Baghdād : al-Maktabah al-Ahlīyah, 1964</subfield>
<subfield code="w">(OCoLC)608494747</subfield>
</datafield>
<datafield tag="880" ind1="1" ind2=" ">
<subfield code="6">100-01/</subfield>
<subfield code="a">طوسي، محمد بن الحسن،</subfield>
<subfield code="d">995-1067?</subfield>
</datafield>
<datafield tag="880" ind1="1" ind2="0">
<subfield code="6">240-02/</subfield>
<subfield code="a">أمالي</subfield>
</datafield>
<datafield tag="880" ind1="1" ind2="0">
<subfield code="6">245-03/</subfield>
<subfield code="a">أمالي الشيخ الطوسي /</subfield>
<subfield code="c">تأليف أبي جعفر محمد بن الحسن الطوسي ؛ قدم له محمد صادق بحر العلوم.</subfield>
</datafield>
<datafield tag="880" ind1=" " ind2=" ">
<subfield code="6">260-04/</subfield>
<subfield code="a">بغداد :</subfield>
<subfield code="b">المكتبة الأهلية،</subfield>
<subfield code="c">1964.</subfield>
</datafield>
<datafield tag="880" ind1="1" ind2=" ">
<subfield code="6">700-05/</subfield>
<subfield code="a">بحر العلوم، محمد صادق.</subfield>
</datafield>
<datafield tag="OWN" ind1=" " ind2=" ">
<subfield code="a">GENERAL</subfield>
</datafield>
<datafield tag="AVA" ind1=" " ind2=" ">
<subfield code="a">NYU50</subfield>
<subfield code="b">BOBST</subfield>
<subfield code="c">Main Collection</subfield>
<subfield code="d">BP88.T8 A6 1964</subfield>
<subfield code="e">unavailable</subfield>
<subfield code="t">Unavailable</subfield>
<subfield code="f">2</subfield>
<subfield code="g">2</subfield>
<subfield code="h">Y</subfield>
<subfield code="i">0</subfield>
<subfield code="j">MAIN</subfield>
<subfield code="k">0</subfield>
</datafield>
</record>
